<?xml version="1.0" encoding="UTF-8"?><collection xmlns="http://www.loc.gov/MARC21/slim"><record><leader>00385nam--2200133-i-4500</leader><controlfield tag="001">000007123</controlfield><controlfield tag="002">20161230</controlfield><controlfield tag="005">20161230201027</controlfield><controlfield tag="008">060222s1000------------r-----000-0-eng-d</controlfield><datafield ind1=" " ind2=" " tag="100"><subfield code="a">Barber, C.R. And  Hall, J.A</subfield></datafield><datafield ind1=" " ind2=" " tag="245"><subfield code="a">Calibration of temperature measuring instru ments. 3-rd edition</subfield></datafield><datafield ind1=" " ind2=" " tag="260"><subfield code="a">London, H.M.S.O.,1964. Iv + 55 P</subfield></datafield><datafield ind1=" " ind2=" " tag="490"><subfield code="a">Notes On Applied Science</subfield></datafield><datafield ind1=" " ind2=" " tag="852"><subfield code="a">21279</subfield></datafield></record></collection>